%YAML 1.1
%TAG !u! tag:unity3d.com,2011:
--- !u!1 &652782503803148845
GameObject:
  m_ObjectHideFlags: 0
  m_CorrespondingSourceObject: {fileID: 0}
  m_PrefabInstance: {fileID: 0}
  m_PrefabAsset: {fileID: 0}
  serializedVersion: 6
  m_Component:
  - component: {fileID: 1782236229958428437}
  - component: {fileID: 6939552012827202655}
  - component: {fileID: 1632414868341028130}
  m_Layer: 5
  m_Name: Heart 2
  m_TagString: Untagged
  m_Icon: {fileID: 0}
  m_NavMeshLayer: 0
  m_StaticEditorFlags: 0
  m_IsActive: 1
--- !u!224 &1782236229958428437
RectTransform:
  m_ObjectHideFlags: 0
  m_CorrespondingSourceObject: {fileID: 0}
  m_PrefabInstance: {fileID: 0}
  m_PrefabAsset: {fileID: 0}
  m_GameObject: {fileID: 652782503803148845}
  m_LocalRotation: {x: 0, y: 0, z: 0, w: 1}
  m_LocalPosition: {x: 0, y: 0, z: 0}
  m_LocalScale: {x: 0.37557, y: 0.37557, z: 0.37557}
  m_Children: []
  m_Father: {fileID: 2867423417818311404}
  m_RootOrder: 5
  m_LocalEulerAnglesHint: {x: 0, y: 0, z: 0}
  m_AnchorMin: {x: 0.5, y: 0.5}
  m_AnchorMax: {x: 0.5, y: 0.5}
  m_AnchoredPosition: {x: -425.6, y: 324.5}
  m_SizeDelta: {x: 100, y: 100}
  m_Pivot: {x: 0.5, y: 0.5}
--- !u!222 &6939552012827202655
CanvasRenderer:
  m_ObjectHideFlags: 0
  m_CorrespondingSourceObject: {fileID: 0}
  m_PrefabInstance: {fileID: 0}
  m_PrefabAsset: {fileID: 0}
  m_GameObject: {fileID: 652782503803148845}
  m_CullTransparentMesh: 0
--- !u!114 &1632414868341028130
MonoBehaviour:
  m_ObjectHideFlags: 0
  m_CorrespondingSourceObject: {fileID: 0}
  m_PrefabInstance: {fileID: 0}
  m_PrefabAsset: {fileID: 0}
  m_GameObject: {fileID: 652782503803148845}
  m_Enabled: 1
  m_EditorHideFlags: 0
  m_Script: {fileID: 11500000, guid: fe87c0e1cc204ed48ad3b37840f39efc, type: 3}
  m_Name: 
  m_EditorClassIdentifier: 
  m_Material: {fileID: 0}
  m_Color: {r: 1, g: 1, b: 1, a: 1}
  m_RaycastTarget: 1
  m_RaycastPadding: {x: 0, y: 0, z: 0, w: 0}
  m_Maskable: 1
  m_OnCullStateChanged:
    m_PersistentCalls:
      m_Calls: []
  m_Sprite: {fileID: 21300000, guid: c99553fa2f36698409358fc28052649b, type: 3}
  m_Type: 0
  m_PreserveAspect: 0
  m_FillCenter: 1
  m_FillMethod: 4
  m_FillAmount: 1
  m_FillClockwise: 1
  m_FillOrigin: 0
  m_UseSpriteMesh: 0
  m_PixelsPerUnitMultiplier: 1
--- !u!1 &2057039443692768566
GameObject:
  m_ObjectHideFlags: 0
  m_CorrespondingSourceObject: {fileID: 0}
  m_PrefabInstance: {fileID: 0}
  m_PrefabAsset: {fileID: 0}
  serializedVersion: 6
  m_Component:
  - component: {fileID: 3405039770173788815}
  - component: {fileID: 2822239939478243947}
  - component: {fileID: 103366269522398363}
  m_Layer: 5
  m_Name: Heart container 2
  m_TagString: Untagged
  m_Icon: {fileID: 0}
  m_NavMeshLayer: 0
  m_StaticEditorFlags: 0
  m_IsActive: 1
--- !u!224 &3405039770173788815
RectTransform:
  m_ObjectHideFlags: 0
  m_CorrespondingSourceObject: {fileID: 0}
  m_PrefabInstance: {fileID: 0}
  m_PrefabAsset: {fileID: 0}
  m_GameObject: {fileID: 2057039443692768566}
  m_LocalRotation: {x: 0, y: 0, z: 0, w: 1}
  m_LocalPosition: {x: 0, y: 0, z: 0}
  m_LocalScale: {x: 0.37557, y: 0.37557, z: 1}
  m_Children: []
  m_Father: {fileID: 2867423417818311404}
  m_RootOrder: 8
  m_LocalEulerAnglesHint: {x: 0, y: 0, z: 0}
  m_AnchorMin: {x: 0.5, y: 0.5}
  m_AnchorMax: {x: 0.5, y: 0.5}
  m_AnchoredPosition: {x: -425.6, y: 324.5}
  m_SizeDelta: {x: 100, y: 100}
  m_Pivot: {x: 0.5, y: 0.5}
--- !u!222 &2822239939478243947
CanvasRenderer:
  m_ObjectHideFlags: 0
  m_CorrespondingSourceObject: {fileID: 0}
  m_PrefabInstance: {fileID: 0}
  m_PrefabAsset: {fileID: 0}
  m_GameObject: {fileID: 2057039443692768566}
  m_CullTransparentMesh: 0
--- !u!114 &103366269522398363
MonoBehaviour:
  m_ObjectHideFlags: 0
  m_CorrespondingSourceObject: {fileID: 0}
  m_PrefabInstance: {fileID: 0}
  m_PrefabAsset: {fileID: 0}
  m_GameObject: {fileID: 2057039443692768566}
  m_Enabled: 1
  m_EditorHideFlags: 0
  m_Script: {fileID: 11500000, guid: fe87c0e1cc204ed48ad3b37840f39efc, type: 3}
  m_Name: 
  m_EditorClassIdentifier: 
  m_Material: {fileID: 0}
  m_Color: {r: 1, g: 1, b: 1, a: 1}
  m_RaycastTarget: 1
  m_RaycastPadding: {x: 0, y: 0, z: 0, w: 0}
  m_Maskable: 1
  m_OnCullStateChanged:
    m_PersistentCalls:
      m_Calls: []
  m_Sprite: {fileID: 21300000, guid: 4b657a06b685f4d4589b79f94adf0e56, type: 3}
  m_Type: 0
  m_PreserveAspect: 0
  m_FillCenter: 1
  m_FillMethod: 4
  m_FillAmount: 1
  m_FillClockwise: 1
  m_FillOrigin: 0
  m_UseSpriteMesh: 0
  m_PixelsPerUnitMultiplier: 1
--- !u!1 &2867423417567270418
GameObject:
  m_ObjectHideFlags: 0
  m_CorrespondingSourceObject: {fileID: 0}
  m_PrefabInstance: {fileID: 0}
  m_PrefabAsset: {fileID: 0}
  serializedVersion: 6
  m_Component:
  - component: {fileID: 2867423417567270421}
  - component: {fileID: 2867423417567270422}
  - component: {fileID: 2867423417567270423}
  - component: {fileID: 2867423417567270420}
  m_Layer: 5
  m_Name: Scorevalue
  m_TagString: Untagged
  m_Icon: {fileID: 0}
  m_NavMeshLayer: 0
  m_StaticEditorFlags: 0
  m_IsActive: 1
--- !u!224 &2867423417567270421
RectTransform:
  m_ObjectHideFlags: 0
  m_CorrespondingSourceObject: {fileID: 0}
  m_PrefabInstance: {fileID: 0}
  m_PrefabAsset: {fileID: 0}
  m_GameObject: {fileID: 2867423417567270418}
  m_LocalRotation: {x: 0, y: 0, z: 0, w: 1}
  m_LocalPosition: {x: 0, y: 0, z: 0}
  m_LocalScale: {x: 1, y: 1, z: 1}
  m_Children: []
  m_Father: {fileID: 2867423417818311404}
  m_RootOrder: 3
  m_LocalEulerAnglesHint: {x: 0, y: 0, z: 0}
  m_AnchorMin: {x: 0.5, y: 0}
  m_AnchorMax: {x: 0.5, y: 0}
  m_AnchoredPosition: {x: 91.1, y: 22}
  m_SizeDelta: {x: 267.29852, y: 45.57788}
  m_Pivot: {x: 0.5, y: 0.5}
--- !u!222 &2867423417567270422
CanvasRenderer:
  m_ObjectHideFlags: 0
  m_CorrespondingSourceObject: {fileID: 0}
  m_PrefabInstance: {fileID: 0}
  m_PrefabAsset: {fileID: 0}
  m_GameObject: {fileID: 2867423417567270418}
  m_CullTransparentMesh: 0
--- !u!114 &2867423417567270423
MonoBehaviour:
  m_ObjectHideFlags: 0
  m_CorrespondingSourceObject: {fileID: 0}
  m_PrefabInstance: {fileID: 0}
  m_PrefabAsset: {fileID: 0}
  m_GameObject: {fileID: 2867423417567270418}
  m_Enabled: 1
  m_EditorHideFlags: 0
  m_Script: {fileID: 11500000, guid: 5f7201a12d95ffc409449d95f23cf332, type: 3}
  m_Name: 
  m_EditorClassIdentifier: 
  m_Material: {fileID: 0}
  m_Color: {r: 1, g: 1, b: 1, a: 1}
  m_RaycastTarget: 1
  m_RaycastPadding: {x: 0, y: 0, z: 0, w: 0}
  m_Maskable: 1
  m_OnCullStateChanged:
    m_PersistentCalls:
      m_Calls: []
  m_FontData:
    m_Font: {fileID: 12800000, guid: 9ce2a3a8a140fd142a596519b1ee41b3, type: 3}
    m_FontSize: 47
    m_FontStyle: 0
    m_BestFit: 0
    m_MinSize: 4
    m_MaxSize: 55
    m_Alignment: 0
    m_AlignByGeometry: 0
    m_RichText: 1
    m_HorizontalOverflow: 0
    m_VerticalOverflow: 0
    m_LineSpacing: 1
  m_Text: 0
--- !u!114 &2867423417567270420
MonoBehaviour:
  m_ObjectHideFlags: 0
  m_CorrespondingSourceObject: {fileID: 0}
  m_PrefabInstance: {fileID: 0}
  m_PrefabAsset: {fileID: 0}
  m_GameObject: {fileID: 2867423417567270418}
  m_Enabled: 1
  m_EditorHideFlags: 0
  m_Script: {fileID: 11500000, guid: e19747de3f5aca642ab2be37e372fb86, type: 3}
  m_Name: 
  m_EditorClassIdentifier: 
  m_EffectColor: {r: 0, g: 0, b: 0, a: 1}
  m_EffectDistance: {x: 2, y: -2}
  m_UseGraphicAlpha: 1
--- !u!1 &2867423417818311400
GameObject:
  m_ObjectHideFlags: 0
  m_CorrespondingSourceObject: {fileID: 0}
  m_PrefabInstance: {fileID: 0}
  m_PrefabAsset: {fileID: 0}
  serializedVersion: 6
  m_Component:
  - component: {fileID: 2867423417818311404}
  - component: {fileID: 2867423417818311405}
  - component: {fileID: 2867423417818311402}
  - component: {fileID: 2867423417818311403}
  m_Layer: 5
  m_Name: Canvas
  m_TagString: Untagged
  m_Icon: {fileID: 0}
  m_NavMeshLayer: 0
  m_StaticEditorFlags: 0
  m_IsActive: 1
--- !u!224 &2867423417818311404
RectTransform:
  m_ObjectHideFlags: 0
  m_CorrespondingSourceObject: {fileID: 0}
  m_PrefabInstance: {fileID: 0}
  m_PrefabAsset: {fileID: 0}
  m_GameObject: {fileID: 2867423417818311400}
  m_LocalRotation: {x: 0, y: 0, z: 0, w: 1}
  m_LocalPosition: {x: 0, y: 0, z: 0}
  m_LocalScale: {x: 0, y: 0, z: 0}
  m_Children:
  - {fileID: 6965389637740469080}
  - {fileID: 7501799618419388128}
  - {fileID: 5054382026702426667}
  - {fileID: 2867423417567270421}
  - {fileID: 4627258675885737733}
  - {fileID: 1782236229958428437}
  - {fileID: 2433237751486517927}
  - {fileID: 3078916341370890016}
  - {fileID: 3405039770173788815}
  - {fileID: 2588048896662343895}
  m_Father: {fileID: 0}
  m_RootOrder: 0
  m_LocalEulerAnglesHint: {x: 0, y: 0, z: 0}
  m_AnchorMin: {x: 0, y: 0}
  m_AnchorMax: {x: 0, y: 0}
  m_AnchoredPosition: {x: 0, y: 0}
  m_SizeDelta: {x: 0, y: 0}
  m_Pivot: {x: 0, y: 0}
--- !u!223 &2867423417818311405
Canvas:
  m_ObjectHideFlags: 0
  m_CorrespondingSourceObject: {fileID: 0}
  m_PrefabInstance: {fileID: 0}
  m_PrefabAsset: {fileID: 0}
  m_GameObject: {fileID: 2867423417818311400}
  m_Enabled: 1
  serializedVersion: 3
  m_RenderMode: 0
  m_Camera: {fileID: 0}
  m_PlaneDistance: 100
  m_PixelPerfect: 0
  m_ReceivesEvents: 1
  m_OverrideSorting: 0
  m_OverridePixelPerfect: 0
  m_SortingBucketNormalizedSize: 0
  m_AdditionalShaderChannelsFlag: 0
  m_SortingLayerID: 0
  m_SortingOrder: 0
  m_TargetDisplay: 0
--- !u!114 &2867423417818311402
MonoBehaviour:
  m_ObjectHideFlags: 0
  m_CorrespondingSourceObject: {fileID: 0}
  m_PrefabInstance: {fileID: 0}
  m_PrefabAsset: {fileID: 0}
  m_GameObject: {fileID: 2867423417818311400}
  m_Enabled: 1
  m_EditorHideFlags: 0
  m_Script: {fileID: 11500000, guid: 0cd44c1031e13a943bb63640046fad76, type: 3}
  m_Name: 
  m_EditorClassIdentifier: 
  m_UiScaleMode: 0
  m_ReferencePixelsPerUnit: 100
  m_ScaleFactor: 1
  m_ReferenceResolution: {x: 800, y: 600}
  m_ScreenMatchMode: 0
  m_MatchWidthOrHeight: 0
  m_PhysicalUnit: 3
  m_FallbackScreenDPI: 96
  m_DefaultSpriteDPI: 96
  m_DynamicPixelsPerUnit: 1
--- !u!114 &2867423417818311403
MonoBehaviour:
  m_ObjectHideFlags: 0
  m_CorrespondingSourceObject: {fileID: 0}
  m_PrefabInstance: {fileID: 0}
  m_PrefabAsset: {fileID: 0}
  m_GameObject: {fileID: 2867423417818311400}
  m_Enabled: 1
  m_EditorHideFlags: 0
  m_Script: {fileID: 11500000, guid: dc42784cf147c0c48a680349fa168899, type: 3}
  m_Name: 
  m_EditorClassIdentifier: 
  m_IgnoreReversedGraphics: 1
  m_BlockingObjects: 0
  m_BlockingMask:
    serializedVersion: 2
    m_Bits: 4294967295
--- !u!1 &3423890841795553957
GameObject:
  m_ObjectHideFlags: 0
  m_CorrespondingSourceObject: {fileID: 0}
  m_PrefabInstance: {fileID: 0}
  m_PrefabAsset: {fileID: 0}
  serializedVersion: 6
  m_Component:
  - component: {fileID: 3078916341370890016}
  - component: {fileID: 851564744353133698}
  - component: {fileID: 8412378427880426380}
  m_Layer: 5
  m_Name: Heart container 1
  m_TagString: Untagged
  m_Icon: {fileID: 0}
  m_NavMeshLayer: 0
  m_StaticEditorFlags: 0
  m_IsActive: 1
--- !u!224 &3078916341370890016
RectTransform:
  m_ObjectHideFlags: 0
  m_CorrespondingSourceObject: {fileID: 0}
  m_PrefabInstance: {fileID: 0}
  m_PrefabAsset: {fileID: 0}
  m_GameObject: {fileID: 3423890841795553957}
  m_LocalRotation: {x: 0, y: 0, z: 0, w: 1}
  m_LocalPosition: {x: 0, y: 0, z: 0}
  m_LocalScale: {x: 0.37557, y: 0.37557, z: 1}
  m_Children: []
  m_Father: {fileID: 2867423417818311404}
  m_RootOrder: 7
  m_LocalEulerAnglesHint: {x: 0, y: 0, z: 0}
  m_AnchorMin: {x: 0.5, y: 0.5}
  m_AnchorMax: {x: 0.5, y: 0.5}
  m_AnchoredPosition: {x: -467.3, y: 324.5}
  m_SizeDelta: {x: 100, y: 100}
  m_Pivot: {x: 0.5, y: 0.5}
--- !u!222 &851564744353133698
CanvasRenderer:
  m_ObjectHideFlags: 0
  m_CorrespondingSourceObject: {fileID: 0}
  m_PrefabInstance: {fileID: 0}
  m_PrefabAsset: {fileID: 0}
  m_GameObject: {fileID: 3423890841795553957}
  m_CullTransparentMesh: 0
--- !u!114 &8412378427880426380
MonoBehaviour:
  m_ObjectHideFlags: 0
  m_CorrespondingSourceObject: {fileID: 0}
  m_PrefabInstance: {fileID: 0}
  m_PrefabAsset: {fileID: 0}
  m_GameObject: {fileID: 3423890841795553957}
  m_Enabled: 1
  m_EditorHideFlags: 0
  m_Script: {fileID: 11500000, guid: fe87c0e1cc204ed48ad3b37840f39efc, type: 3}
  m_Name: 
  m_EditorClassIdentifier: 
  m_Material: {fileID: 0}
  m_Color: {r: 1, g: 1, b: 1, a: 1}
  m_RaycastTarget: 1
  m_RaycastPadding: {x: 0, y: 0, z: 0, w: 0}
  m_Maskable: 1
  m_OnCullStateChanged:
    m_PersistentCalls:
      m_Calls: []
  m_Sprite: {fileID: 21300000, guid: 4b657a06b685f4d4589b79f94adf0e56, type: 3}
  m_Type: 0
  m_PreserveAspect: 0
  m_FillCenter: 1
  m_FillMethod: 4
  m_FillAmount: 1
  m_FillClockwise: 1
  m_FillOrigin: 0
  m_UseSpriteMesh: 0
  m_PixelsPerUnitMultiplier: 1
--- !u!1 &4444907660230341037
GameObject:
  m_ObjectHideFlags: 0
  m_CorrespondingSourceObject: {fileID: 0}
  m_PrefabInstance: {fileID: 0}
  m_PrefabAsset: {fileID: 0}
  serializedVersion: 6
  m_Component:
  - component: {fileID: 4627258675885737733}
  - component: {fileID: 1888468058436245763}
  - component: {fileID: 7644735638036285287}
  m_Layer: 5
  m_Name: Heart 1
  m_TagString: Untagged
  m_Icon: {fileID: 0}
  m_NavMeshLayer: 0
  m_StaticEditorFlags: 0
  m_IsActive: 1
--- !u!224 &4627258675885737733
RectTransform:
  m_ObjectHideFlags: 0
  m_CorrespondingSourceObject: {fileID: 0}
  m_PrefabInstance: {fileID: 0}
  m_PrefabAsset: {fileID: 0}
  m_GameObject: {fileID: 4444907660230341037}
  m_LocalRotation: {x: 0, y: 0, z: 0, w: 1}
  m_LocalPosition: {x: 0, y: 0, z: 0}
  m_LocalScale: {x: 0.37557, y: 0.37557, z: 0.37557}
  m_Children: []
  m_Father: {fileID: 2867423417818311404}
  m_RootOrder: 4
  m_LocalEulerAnglesHint: {x: 0, y: 0, z: 0}
  m_AnchorMin: {x: 0.5, y: 0.5}
  m_AnchorMax: {x: 0.5, y: 0.5}
  m_AnchoredPosition: {x: -467.3, y: 324.5}
  m_SizeDelta: {x: 100, y: 100}
  m_Pivot: {x: 0.5, y: 0.5}
--- !u!222 &1888468058436245763
CanvasRenderer:
  m_ObjectHideFlags: 0
  m_CorrespondingSourceObject: {fileID: 0}
  m_PrefabInstance: {fileID: 0}
  m_PrefabAsset: {fileID: 0}
  m_GameObject: {fileID: 4444907660230341037}
  m_CullTransparentMesh: 0
--- !u!114 &7644735638036285287
MonoBehaviour:
  m_ObjectHideFlags: 0
  m_CorrespondingSourceObject: {fileID: 0}
  m_PrefabInstance: {fileID: 0}
  m_PrefabAsset: {fileID: 0}
  m_GameObject: {fileID: 4444907660230341037}
  m_Enabled: 1
  m_EditorHideFlags: 0
  m_Script: {fileID: 11500000, guid: fe87c0e1cc204ed48ad3b37840f39efc, type: 3}
  m_Name: 
  m_EditorClassIdentifier: 
  m_Material: {fileID: 0}
  m_Color: {r: 1, g: 1, b: 1, a: 1}
  m_RaycastTarget: 1
  m_RaycastPadding: {x: 0, y: 0, z: 0, w: 0}
  m_Maskable: 1
  m_OnCullStateChanged:
    m_PersistentCalls:
      m_Calls: []
  m_Sprite: {fileID: 21300000, guid: c99553fa2f36698409358fc28052649b, type: 3}
  m_Type: 0
  m_PreserveAspect: 0
  m_FillCenter: 1
  m_FillMethod: 4
  m_FillAmount: 1
  m_FillClockwise: 1
  m_FillOrigin: 0
  m_UseSpriteMesh: 0
  m_PixelsPerUnitMultiplier: 1
--- !u!1 &4524585287723286427
GameObject:
  m_ObjectHideFlags: 0
  m_CorrespondingSourceObject: {fileID: 0}
  m_PrefabInstance: {fileID: 0}
  m_PrefabAsset: {fileID: 0}
  serializedVersion: 6
  m_Component:
  - component: {fileID: 2433237751486517927}
  - component: {fileID: 4413103619815741127}
  - component: {fileID: 6169014717568710541}
  m_Layer: 5
  m_Name: Heart 3
  m_TagString: Untagged
  m_Icon: {fileID: 0}
  m_NavMeshLayer: 0
  m_StaticEditorFlags: 0
  m_IsActive: 1
--- !u!224 &2433237751486517927
RectTransform:
  m_ObjectHideFlags: 0
  m_CorrespondingSourceObject: {fileID: 0}
  m_PrefabInstance: {fileID: 0}
  m_PrefabAsset: {fileID: 0}
  m_GameObject: {fileID: 4524585287723286427}
  m_LocalRotation: {x: 0, y: 0, z: 0, w: 1}
  m_LocalPosition: {x: 0, y: 0, z: 0}
  m_LocalScale: {x: 0.37557, y: 0.37557, z: 0.37557}
  m_Children: []
  m_Father: {fileID: 2867423417818311404}
  m_RootOrder: 6
  m_LocalEulerAnglesHint: {x: 0, y: 0, z: 0}
  m_AnchorMin: {x: 0.5, y: 0.5}
  m_AnchorMax: {x: 0.5, y: 0.5}
  m_AnchoredPosition: {x: -384.1, y: 324.5}
  m_SizeDelta: {x: 100, y: 100}
  m_Pivot: {x: 0.5, y: 0.5}
--- !u!222 &4413103619815741127
CanvasRenderer:
  m_ObjectHideFlags: 0
  m_CorrespondingSourceObject: {fileID: 0}
  m_PrefabInstance: {fileID: 0}
  m_PrefabAsset: {fileID: 0}
  m_GameObject: {fileID: 4524585287723286427}
  m_CullTransparentMesh: 0
--- !u!114 &6169014717568710541
MonoBehaviour:
  m_ObjectHideFlags: 0
  m_CorrespondingSourceObject: {fileID: 0}
  m_PrefabInstance: {fileID: 0}
  m_PrefabAsset: {fileID: 0}
  m_GameObject: {fileID: 4524585287723286427}
  m_Enabled: 1
  m_EditorHideFlags: 0
  m_Script: {fileID: 11500000, guid: fe87c0e1cc204ed48ad3b37840f39efc, type: 3}
  m_Name: 
  m_EditorClassIdentifier: 
  m_Material: {fileID: 0}
  m_Color: {r: 1, g: 1, b: 1, a: 1}
  m_RaycastTarget: 1
  m_RaycastPadding: {x: 0, y: 0, z: 0, w: 0}
  m_Maskable: 1
  m_OnCullStateChanged:
    m_PersistentCalls:
      m_Calls: []
  m_Sprite: {fileID: 21300000, guid: c99553fa2f36698409358fc28052649b, type: 3}
  m_Type: 0
  m_PreserveAspect: 0
  m_FillCenter: 1
  m_FillMethod: 4
  m_FillAmount: 1
  m_FillClockwise: 1
  m_FillOrigin: 0
  m_UseSpriteMesh: 0
  m_PixelsPerUnitMultiplier: 1
--- !u!1 &4603661648359905895
GameObject:
  m_ObjectHideFlags: 0
  m_CorrespondingSourceObject: {fileID: 0}
  m_PrefabInstance: {fileID: 0}
  m_PrefabAsset: {fileID: 0}
  serializedVersion: 6
  m_Component:
  - component: {fileID: 2588048896662343895}
  - component: {fileID: 5642706965201113178}
  - component: {fileID: 6896384444107235860}
  m_Layer: 5
  m_Name: Heart container 3
  m_TagString: Untagged
  m_Icon: {fileID: 0}
  m_NavMeshLayer: 0
  m_StaticEditorFlags: 0
  m_IsActive: 1
--- !u!224 &2588048896662343895
RectTransform:
  m_ObjectHideFlags: 0
  m_CorrespondingSourceObject: {fileID: 0}
  m_PrefabInstance: {fileID: 0}
  m_PrefabAsset: {fileID: 0}
  m_GameObject: {fileID: 4603661648359905895}
  m_LocalRotation: {x: 0, y: 0, z: 0, w: 1}
  m_LocalPosition: {x: 0, y: 0, z: 0}
  m_LocalScale: {x: 0.37557, y: 0.37557, z: 1}
  m_Children: []
  m_Father: {fileID: 2867423417818311404}
  m_RootOrder: 9
  m_LocalEulerAnglesHint: {x: 0, y: 0, z: 0}
  m_AnchorMin: {x: 0.5, y: 0.5}
  m_AnchorMax: {x: 0.5, y: 0.5}
  m_AnchoredPosition: {x: -384.1, y: 324.5}
  m_SizeDelta: {x: 100, y: 100}
  m_Pivot: {x: 0.5, y: 0.5}
--- !u!222 &5642706965201113178
CanvasRenderer:
  m_ObjectHideFlags: 0
  m_CorrespondingSourceObject: {fileID: 0}
  m_PrefabInstance: {fileID: 0}
  m_PrefabAsset: {fileID: 0}
  m_GameObject: {fileID: 4603661648359905895}
  m_CullTransparentMesh: 0
--- !u!114 &6896384444107235860
MonoBehaviour:
  m_ObjectHideFlags: 0
  m_CorrespondingSourceObject: {fileID: 0}
  m_PrefabInstance: {fileID: 0}
  m_PrefabAsset: {fileID: 0}
  m_GameObject: {fileID: 4603661648359905895}
  m_Enabled: 1
  m_EditorHideFlags: 0
  m_Script: {fileID: 11500000, guid: fe87c0e1cc204ed48ad3b37840f39efc, type: 3}
  m_Name: 
  m_EditorClassIdentifier: 
  m_Material: {fileID: 0}
  m_Color: {r: 1, g: 1, b: 1, a: 1}
  m_RaycastTarget: 1
  m_RaycastPadding: {x: 0, y: 0, z: 0, w: 0}
  m_Maskable: 1
  m_OnCullStateChanged:
    m_PersistentCalls:
      m_Calls: []
  m_Sprite: {fileID: 21300000, guid: 4b657a06b685f4d4589b79f94adf0e56, type: 3}
  m_Type: 0
  m_PreserveAspect: 0
  m_FillCenter: 1
  m_FillMethod: 4
  m_FillAmount: 1
  m_FillClockwise: 1
  m_FillOrigin: 0
  m_UseSpriteMesh: 0
  m_PixelsPerUnitMultiplier: 1
--- !u!1001 &2867423415720907948
PrefabInstance:
  m_ObjectHideFlags: 0
  serializedVersion: 2
  m_Modification:
    m_TransformParent: {fileID: 2867423417818311404}
    m_Modifications:
    - target: {fileID: 5143439112444547060, guid: 5dea3dfb2b459e347be29a2241691670, type: 3}
      propertyPath: m_LocalPosition.x
      value: 0
      objectReference: {fileID: 0}
    - target: {fileID: 5143439112444547060, guid: 5dea3dfb2b459e347be29a2241691670, type: 3}
      propertyPath: m_LocalPosition.y
      value: 0
      objectReference: {fileID: 0}
    - target: {fileID: 5143439112444547060, guid: 5dea3dfb2b459e347be29a2241691670, type: 3}
      propertyPath: m_LocalPosition.z
      value: 0
      objectReference: {fileID: 0}
    - target: {fileID: 5143439112444547060, guid: 5dea3dfb2b459e347be29a2241691670, type: 3}
      propertyPath: m_LocalRotation.x
      value: 0
      objectReference: {fileID: 0}
    - target: {fileID: 5143439112444547060, guid: 5dea3dfb2b459e347be29a2241691670, type: 3}
      propertyPath: m_LocalRotation.y
      value: 0
      objectReference: {fileID: 0}
    - target: {fileID: 5143439112444547060, guid: 5dea3dfb2b459e347be29a2241691670, type: 3}
      propertyPath: m_LocalRotation.z
      value: 0
      objectReference: {fileID: 0}
    - target: {fileID: 5143439112444547060, guid: 5dea3dfb2b459e347be29a2241691670, type: 3}
      propertyPath: m_LocalRotation.w
      value: 1
      objectReference: {fileID: 0}
    - target: {fileID: 5143439112444547060, guid: 5dea3dfb2b459e347be29a2241691670, type: 3}
      propertyPath: m_RootOrder
      value: 0
      objectReference: {fileID: 0}
    - target: {fileID: 5143439112444547060, guid: 5dea3dfb2b459e347be29a2241691670, type: 3}
      propertyPath: m_LocalEulerAnglesHint.x
      value: 0
      objectReference: {fileID: 0}
    - target: {fileID: 5143439112444547060, guid: 5dea3dfb2b459e347be29a2241691670, type: 3}
      propertyPath: m_LocalEulerAnglesHint.y
      value: 0
      objectReference: {fileID: 0}
    - target: {fileID: 5143439112444547060, guid: 5dea3dfb2b459e347be29a2241691670, type: 3}
      propertyPath: m_LocalEulerAnglesHint.z
      value: 0
      objectReference: {fileID: 0}
    - target: {fileID: 5143439112444547060, guid: 5dea3dfb2b459e347be29a2241691670, type: 3}
      propertyPath: m_AnchoredPosition.x
      value: 74
      objectReference: {fileID: 0}
    - target: {fileID: 5143439112444547060, guid: 5dea3dfb2b459e347be29a2241691670, type: 3}
      propertyPath: m_AnchoredPosition.y
      value: -27
      objectReference: {fileID: 0}
    - target: {fileID: 5143439112444547060, guid: 5dea3dfb2b459e347be29a2241691670, type: 3}
      propertyPath: m_SizeDelta.x
      value: 133.01678
      objectReference: {fileID: 0}
    - target: {fileID: 5143439112444547060, guid: 5dea3dfb2b459e347be29a2241691670, type: 3}
      propertyPath: m_SizeDelta.y
      value: 47.147827
      objectReference: {fileID: 0}
    - target: {fileID: 5143439112444547060, guid: 5dea3dfb2b459e347be29a2241691670, type: 3}
      propertyPath: m_AnchorMin.x
      value: 0
      objectReference: {fileID: 0}
    - target: {fileID: 5143439112444547060, guid: 5dea3dfb2b459e347be29a2241691670, type: 3}
      propertyPath: m_AnchorMin.y
      value: 1
      objectReference: {fileID: 0}
    - target: {fileID: 5143439112444547060, guid: 5dea3dfb2b459e347be29a2241691670, type: 3}
      propertyPath: m_AnchorMax.x
      value: 0
      objectReference: {fileID: 0}
    - target: {fileID: 5143439112444547060, guid: 5dea3dfb2b459e347be29a2241691670, type: 3}
      propertyPath: m_AnchorMax.y
      value: 1
      objectReference: {fileID: 0}
    - target: {fileID: 5143439112444547060, guid: 5dea3dfb2b459e347be29a2241691670, type: 3}
      propertyPath: m_Pivot.x
      value: 0.5
      objectReference: {fileID: 0}
    - target: {fileID: 5143439112444547060, guid: 5dea3dfb2b459e347be29a2241691670, type: 3}
      propertyPath: m_Pivot.y
      value: 0.5
      objectReference: {fileID: 0}
    - target: {fileID: 5143439112444547061, guid: 5dea3dfb2b459e347be29a2241691670, type: 3}
      propertyPath: m_Name
      value: LivesText
      objectReference: {fileID: 0}
    - target: {fileID: 5143439112444547066, guid: 5dea3dfb2b459e347be29a2241691670, type: 3}
      propertyPath: m_FontData.m_Font
      value: 
      objectReference: {fileID: 12800000, guid: 9ce2a3a8a140fd142a596519b1ee41b3, type: 3}
    - target: {fileID: 5143439112444547066, guid: 5dea3dfb2b459e347be29a2241691670, type: 3}
      propertyPath: m_FontData.m_FontSize
      value: 44
      objectReference: {fileID: 0}
    - target: {fileID: 5143439112444547067, guid: 5dea3dfb2b459e347be29a2241691670, type: 3}
      propertyPath: m_EffectDistance.x
      value: 2
      objectReference: {fileID: 0}
    - target: {fileID: 5143439112444547067, guid: 5dea3dfb2b459e347be29a2241691670, type: 3}
      propertyPath: m_EffectDistance.y
      value: -2
      objectReference: {fileID: 0}
    - target: {fileID: 5143439112444547067, guid: 5dea3dfb2b459e347be29a2241691670, type: 3}
      propertyPath: m_Enabled
      value: 1
      objectReference: {fileID: 0}
    m_RemovedComponents: []
  m_SourcePrefab: {fileID: 100100000, guid: 5dea3dfb2b459e347be29a2241691670, type: 3}
--- !u!224 &6965389637740469080 stripped
RectTransform:
  m_CorrespondingSourceObject: {fileID: 5143439112444547060, guid: 5dea3dfb2b459e347be29a2241691670, type: 3}
  m_PrefabInstance: {fileID: 2867423415720907948}
  m_PrefabAsset: {fileID: 0}
--- !u!1001 &2867423415722767950
PrefabInstance:
  m_ObjectHideFlags: 0
  serializedVersion: 2
  m_Modification:
    m_TransformParent: {fileID: 2867423417818311404}
    m_Modifications:
    - target: {fileID: 5751269786550442152, guid: 99042431293b1dc42b6c08fcd5fdbeae, type: 3}
      propertyPath: m_FontData.m_Font
      value: 
      objectReference: {fileID: 12800000, guid: 9ce2a3a8a140fd142a596519b1ee41b3, type: 3}
    - target: {fileID: 5751269786550442152, guid: 99042431293b1dc42b6c08fcd5fdbeae, type: 3}
      propertyPath: m_FontData.m_FontSize
      value: 48
      objectReference: {fileID: 0}
    - target: {fileID: 5751269786550442157, guid: 99042431293b1dc42b6c08fcd5fdbeae, type: 3}
      propertyPath: m_Name
      value: ScoreText
      objectReference: {fileID: 0}
    - target: {fileID: 5751269786550442158, guid: 99042431293b1dc42b6c08fcd5fdbeae, type: 3}
      propertyPath: m_LocalPosition.x
      value: 0
      objectReference: {fileID: 0}
    - target: {fileID: 5751269786550442158, guid: 99042431293b1dc42b6c08fcd5fdbeae, type: 3}
      propertyPath: m_LocalPosition.y
      value: 0
      objectReference: {fileID: 0}
    - target: {fileID: 5751269786550442158, guid: 99042431293b1dc42b6c08fcd5fdbeae, type: 3}
      propertyPath: m_LocalPosition.z
      value: 0
      objectReference: {fileID: 0}
    - target: {fileID: 5751269786550442158, guid: 99042431293b1dc42b6c08fcd5fdbeae, type: 3}
      propertyPath: m_LocalRotation.x
      value: -0
      objectReference: {fileID: 0}
    - target: {fileID: 5751269786550442158, guid: 99042431293b1dc42b6c08fcd5fdbeae, type: 3}
      propertyPath: m_LocalRotation.y
      value: -0
      objectReference: {fileID: 0}
    - target: {fileID: 5751269786550442158, guid: 99042431293b1dc42b6c08fcd5fdbeae, type: 3}
      propertyPath: m_LocalRotation.z
      value: -0
      objectReference: {fileID: 0}
    - target: {fileID: 5751269786550442158, guid: 99042431293b1dc42b6c08fcd5fdbeae, type: 3}
      propertyPath: m_LocalRotation.w
      value: 1
      objectReference: {fileID: 0}
    - target: {fileID: 5751269786550442158, guid: 99042431293b1dc42b6c08fcd5fdbeae, type: 3}
      propertyPath: m_RootOrder
      value: 1
      objectReference: {fileID: 0}
    - target: {fileID: 5751269786550442158, guid: 99042431293b1dc42b6c08fcd5fdbeae, type: 3}
      propertyPath: m_LocalEulerAnglesHint.x
      value: 0
      objectReference: {fileID: 0}
    - target: {fileID: 5751269786550442158, guid: 99042431293b1dc42b6c08fcd5fdbeae, type: 3}
      propertyPath: m_LocalEulerAnglesHint.y
      value: 0
      objectReference: {fileID: 0}
    - target: {fileID: 5751269786550442158, guid: 99042431293b1dc42b6c08fcd5fdbeae, type: 3}
      propertyPath: m_LocalEulerAnglesHint.z
      value: 0
      objectReference: {fileID: 0}
    - target: {fileID: 5751269786550442158, guid: 99042431293b1dc42b6c08fcd5fdbeae, type: 3}
      propertyPath: m_AnchoredPosition.x
      value: -124
      objectReference: {fileID: 0}
    - target: {fileID: 5751269786550442158, guid: 99042431293b1dc42b6c08fcd5fdbeae, type: 3}
      propertyPath: m_AnchoredPosition.y
      value: 22
      objectReference: {fileID: 0}
    - target: {fileID: 5751269786550442158, guid: 99042431293b1dc42b6c08fcd5fdbeae, type: 3}
      propertyPath: m_SizeDelta.x
      value: 162.90118
      objectReference: {fileID: 0}
    - target: {fileID: 5751269786550442158, guid: 99042431293b1dc42b6c08fcd5fdbeae, type: 3}
      propertyPath: m_SizeDelta.y
      value: 47.15149
      objectReference: {fileID: 0}
    - target: {fileID: 5751269786550442158, guid: 99042431293b1dc42b6c08fcd5fdbeae, type: 3}
      propertyPath: m_AnchorMin.x
      value: 0.5
      objectReference: {fileID: 0}
    - target: {fileID: 5751269786550442158, guid: 99042431293b1dc42b6c08fcd5fdbeae, type: 3}
      propertyPath: m_AnchorMin.y
      value: 0
      objectReference: {fileID: 0}
    - target: {fileID: 5751269786550442158, guid: 99042431293b1dc42b6c08fcd5fdbeae, type: 3}
      propertyPath: m_AnchorMax.x
      value: 0.5
      objectReference: {fileID: 0}
    - target: {fileID: 5751269786550442158, guid: 99042431293b1dc42b6c08fcd5fdbeae, type: 3}
      propertyPath: m_AnchorMax.y
      value: 0
      objectReference: {fileID: 0}
    - target: {fileID: 5751269786550442158, guid: 99042431293b1dc42b6c08fcd5fdbeae, type: 3}
      propertyPath: m_Pivot.x
      value: 0.5
      objectReference: {fileID: 0}
    - target: {fileID: 5751269786550442158, guid: 99042431293b1dc42b6c08fcd5fdbeae, type: 3}
      propertyPath: m_Pivot.y
      value: 0.5
      objectReference: {fileID: 0}
    - target: {fileID: 5751269786550442159, guid: 99042431293b1dc42b6c08fcd5fdbeae, type: 3}
      propertyPath: m_EffectDistance.x
      value: 2
      objectReference: {fileID: 0}
    - target: {fileID: 5751269786550442159, guid: 99042431293b1dc42b6c08fcd5fdbeae, type: 3}
      propertyPath: m_EffectDistance.y
      value: -2
      objectReference: {fileID: 0}
    m_RemovedComponents: []
  m_SourcePrefab: {fileID: 100100000, guid: 99042431293b1dc42b6c08fcd5fdbeae, type: 3}
--- !u!224 &7501799618419388128 stripped
RectTransform:
  m_CorrespondingSourceObject: {fileID: 5751269786550442158, guid: 99042431293b1dc42b6c08fcd5fdbeae, type: 3}
  m_PrefabInstance: {fileID: 2867423415722767950}
  m_PrefabAsset: {fileID: 0}
--- !u!1001 &2867423416839157089
PrefabInstance:
  m_ObjectHideFlags: 0
  serializedVersion: 2
  m_Modification:
    m_TransformParent: {fileID: 2867423417818311404}
    m_Modifications:
    - target: {fileID: 7057114001416791876, guid: 67c2601d702af52458cc1ddc13cd2f24, type: 3}
      propertyPath: m_FontData.m_Font
      value: 
      objectReference: {fileID: 12800000, guid: 9ce2a3a8a140fd142a596519b1ee41b3, type: 3}
    - target: {fileID: 7057114001416791881, guid: 67c2601d702af52458cc1ddc13cd2f24, type: 3}
      propertyPath: m_Name
      value: PowerUpText
      objectReference: {fileID: 0}
    - target: {fileID: 7057114001416791882, guid: 67c2601d702af52458cc1ddc13cd2f24, type: 3}
      propertyPath: m_LocalPosition.x
      value: 0
      objectReference: {fileID: 0}
    - target: {fileID: 7057114001416791882, guid: 67c2601d702af52458cc1ddc13cd2f24, type: 3}
      propertyPath: m_LocalPosition.y
      value: 0
      objectReference: {fileID: 0}
    - target: {fileID: 7057114001416791882, guid: 67c2601d702af52458cc1ddc13cd2f24, type: 3}
      propertyPath: m_LocalPosition.z
      value: 0
      objectReference: {fileID: 0}
    - target: {fileID: 7057114001416791882, guid: 67c2601d702af52458cc1ddc13cd2f24, type: 3}
      propertyPath: m_LocalRotation.x
      value: -0
      objectReference: {fileID: 0}
    - target: {fileID: 7057114001416791882, guid: 67c2601d702af52458cc1ddc13cd2f24, type: 3}
      propertyPath: m_LocalRotation.y
      value: -0
      objectReference: {fileID: 0}
    - target: {fileID: 7057114001416791882, guid: 67c2601d702af52458cc1ddc13cd2f24, type: 3}
      propertyPath: m_LocalRotation.z
      value: -0
      objectReference: {fileID: 0}
    - target: {fileID: 7057114001416791882, guid: 67c2601d702af52458cc1ddc13cd2f24, type: 3}
      propertyPath: m_LocalRotation.w
      value: 1
      objectReference: {fileID: 0}
    - target: {fileID: 7057114001416791882, guid: 67c2601d702af52458cc1ddc13cd2f24, type: 3}
      propertyPath: m_RootOrder
      value: 2
      objectReference: {fileID: 0}
    - target: {fileID: 7057114001416791882, guid: 67c2601d702af52458cc1ddc13cd2f24, type: 3}
      propertyPath: m_LocalEulerAnglesHint.x
      value: 0
      objectReference: {fileID: 0}
    - target: {fileID: 7057114001416791882, guid: 67c2601d702af52458cc1ddc13cd2f24, type: 3}
      propertyPath: m_LocalEulerAnglesHint.y
      value: 0
      objectReference: {fileID: 0}
    - target: {fileID: 7057114001416791882, guid: 67c2601d702af52458cc1ddc13cd2f24, type: 3}
      propertyPath: m_LocalEulerAnglesHint.z
      value: 0
      objectReference: {fileID: 0}
    - target: {fileID: 7057114001416791882, guid: 67c2601d702af52458cc1ddc13cd2f24, type: 3}
      propertyPath: m_AnchoredPosition.x
      value: 113
      objectReference: {fileID: 0}
    - target: {fileID: 7057114001416791882, guid: 67c2601d702af52458cc1ddc13cd2f24, type: 3}
      propertyPath: m_AnchoredPosition.y
      value: -124
      objectReference: {fileID: 0}
    - target: {fileID: 7057114001416791882, guid: 67c2601d702af52458cc1ddc13cd2f24, type: 3}
      propertyPath: m_SizeDelta.x
      value: 215.39313
      objectReference: {fileID: 0}
    - target: {fileID: 7057114001416791882, guid: 67c2601d702af52458cc1ddc13cd2f24, type: 3}
      propertyPath: m_SizeDelta.y
      value: 47.147827
      objectReference: {fileID: 0}
    - target: {fileID: 7057114001416791882, guid: 67c2601d702af52458cc1ddc13cd2f24, type: 3}
      propertyPath: m_AnchorMin.x
      value: 0
      objectReference: {fileID: 0}
    - target: {fileID: 7057114001416791882, guid: 67c2601d702af52458cc1ddc13cd2f24, type: 3}
      propertyPath: m_AnchorMin.y
      value: 1
      objectReference: {fileID: 0}
    - target: {fileID: 7057114001416791882, guid: 67c2601d702af52458cc1ddc13cd2f24, type: 3}
      propertyPath: m_AnchorMax.x
      value: 0
      objectReference: {fileID: 0}
    - target: {fileID: 7057114001416791882, guid: 67c2601d702af52458cc1ddc13cd2f24, type: 3}
      propertyPath: m_AnchorMax.y
      value: 1
      objectReference: {fileID: 0}
    - target: {fileID: 7057114001416791882, guid: 67c2601d702af52458cc1ddc13cd2f24, type: 3}
      propertyPath: m_Pivot.x
      value: 0.5
      objectReference: {fileID: 0}
    - target: {fileID: 7057114001416791882, guid: 67c2601d702af52458cc1ddc13cd2f24, type: 3}
      propertyPath: m_Pivot.y
      value: 0.5
      objectReference: {fileID: 0}
    - target: {fileID: 7057114001416791883, guid: 67c2601d702af52458cc1ddc13cd2f24, type: 3}
      propertyPath: m_EffectDistance.x
      value: 2
      objectReference: {fileID: 0}
    - target: {fileID: 7057114001416791883, guid: 67c2601d702af52458cc1ddc13cd2f24, type: 3}
      propertyPath: m_EffectDistance.y
      value: -2
      objectReference: {fileID: 0}
    m_RemovedComponents: []
  m_SourcePrefab: {fileID: 100100000, guid: 67c2601d702af52458cc1ddc13cd2f24, type: 3}
--- !u!224 &5054382026702426667 stripped
RectTransform:
  m_CorrespondingSourceObject: {fileID: 7057114001416791882, guid: 67c2601d702af52458cc1ddc13cd2f24, type: 3}
  m_PrefabInstance: {fileID: 2867423416839157089}
  m_PrefabAsset: {fileID: 0}
